% This file was created with JabRef 2.6.
% Encoding: ISO8859_1

@BOOK{Schneier1995,
  title = {Applied cryptography (2nd ed.): protocols, algorithms, and source
	code in C},
  publisher = {John Wiley \& Sons, Inc.},
  year = {1995},
  author = {Schneier, Bruce},
  address = {New York, NY, USA},
  isbn = {0-471-11709-9},
  owner = {sts},
  timestamp = {2012.05.18}
}

